<?xml version="1.0" encoding="UTF-8"?><collection xmlns="http://www.loc.gov/MARC21/slim"><record><leader>00608nam--2200169-i-4500</leader><controlfield tag="001">000013299</controlfield><controlfield tag="002">20161230</controlfield><controlfield tag="005">20161230201030</controlfield><controlfield tag="008">060222s1000------------r-----000-0-eng-d</controlfield><datafield ind1=" " ind2=" " tag="040"><subfield code="a">IFIN-HH</subfield></datafield><datafield ind1=" " ind2=" " tag="080"><subfield code="a">533.3(061.3)</subfield></datafield><datafield ind1="1" ind2=" " tag="100"><subfield code="a">Campargue, R</subfield></datafield><datafield ind1="1" ind2="0" tag="245"><subfield code="a">Rarefied gas dynamics</subfield><subfield code="b">Papers selected from the eleventh international symposium on rarefied gas dynamics, cannes, france, july 1978. subsequently revised for this volume. volume ii</subfield><subfield code="c">R. CAMPARGUE (Ed.)</subfield></datafield><datafield ind1=" " ind2=" " tag="260"><subfield code="a">Paris, Commissariat A L'Energie Atomique, 1979</subfield></datafield><datafield ind1=" " ind2=" " tag="300"><subfield code="a">/691-1441 p.</subfield></datafield><datafield ind1=" " ind2=" " tag="852"><subfield code="a">48282</subfield><subfield code="c">533.7</subfield></datafield><datafield ind1=" " ind2=" " tag="CAT"><subfield code="a">Sys</subfield><subfield code="c">20100915</subfield><subfield code="h">150024</subfield></datafield></record></collection>